% Books
@book{mining2012,
author={Rajaramna, Anand and Ullman, Jeffery D},
title={Mining of massive datasets},
volume={77},
year={2012},
publisher={Cambridge University Press, Cambridge}
}

% Papers
@inproceedings{newsblaster,
title={Tracking and summarizing news on a daily basis with Columbia's Newsblaster},
author={McKeown, Kathleen R and Barzilay, Regina and Evans, David and Hatzivassiloglou, Vasileios and Klavans, Judith L and Nenkova, Ani and Sable, Carl and Schiffman, Barry and Sigelman, Sergey},
booktitle={Proceedings of the second international conference on Human Language Technology Research},
pages={280--285},
year={2002},
organization={Morgan Kaufmann Publishers Inc.}
}

@inproceedings{contextual:li2010,
title={A contextual-bandit approach to personalized news article recommendation},
author={Li, Lihong and Chu, Wei and Langford, John and Schapire, Robert E},
booktitle={Proceedings of the 19th international conference on World wide web},
pages={661--670},
year={2010},
organization={ACM}
}

@article{clusteringsurvey,
title={A survey of clustering techniques},
author={Rai, Pradeep and Singh, Shubha},
journal={International Journal of Computer Applications},
volume={7},
number={12},
pages={1--5},
year={2010},
publisher={International Journal of Computer Applications, 244 5th Avenue, \# 1526, New York, NY 10001, USA India}
}

@inproceedings{ctechniquecomp,
title={A comparison of document clustering techniques},
author={Steinbach, Michael and Karypis, George and Kumar, Vipin and others},
booktitle={KDD workshop on text mining},
volume={400},
number={1},
pages={525--526},
year={2000},
organization={Boston}
}

@inproceedings{onlinelda,
title={On-line lda: Adaptive topic models for mining text streams with applications to topic detection and tracking},
author={AlSumait, Loulwah and Barbar{\'a}, Daniel and Domeniconi, Carlotta},
booktitle={Data Mining, 2008. ICDM' 08. Eighth IEEE International Conference on},
pages={3--12},
year={2008},
organization={IEEE}
}

@inproceedings{trects2014,
title={TREC 2014 Temporal Summarization Track Overview.},
author={Aslam, Javad A and Ekstrand-Abueg, Matthew and Pavlu, Virgil and Diaz, Fernando and McCreadie, Richard and Sakai, Tetsuya},
booktitle={TREC},
year={2014}
}

@incollection{tdttanalysis,
title={Topic detection, tracking and trend analysis using self-organizing neural networks},
author={Rajaraman, Kanagasabi and Tan, Ah-Hwee},
booktitle={Advances in Knowledge Discovery and Data Mining},
pages={102--107},
year={2001},
publisher={Springer}
}

@article{tdtoverview,
title={Topic detection and tracking evaluation overview},
author={Fiscus, Jonathan G and Doddington, George R},
journal={Topic detection and tracking},
pages={17--31},
year={2002},
publisher={Springer}
}

@inproceedings{connectingdots,
title={Connecting the dots between news articles},
author={Shahaf, Dafna and Guestrin, Carlos},
booktitle={Proceedings of the 16th ACM SIGKDD international conference on Knowledge discovery and data mining},
pages={623--632},
year={2010},
organization={ACM}
}

@inproceedings{informationmaps,
title={Trains of thought: Generating information maps},
author={Shahaf, Dafna and Guestrin, Carlos and Horvitz, Eric},
booktitle={Proceedings of the 21st international conference on World Wide Web},
pages={899--908},
year={2012},
organization={ACM}
}

@inproceedings{eventthreading,
title={Event threading within news topics},
author={Nallapati, Ramesh and Feng, Ao and Peng, Fuchun and Allan, James},
booktitle={Proceedings of the thirteenth ACM international conference on Information and knowledge management},
pages={446--453},
year={2004},
organization={ACM}
}

@inproceedings{infocartography,
title={Information cartography: creating zoomable, large-scale maps of information},
author={Shahaf, Dafna and Yang, Jaewon and Suen, Caroline and Jacobs, Jeff and Wang, Heidi and Leskovec, Jure},
booktitle={Proceedings of the 19th ACM SIGKDD international conference on Knowledge discovery and data mining},
pages={1097--1105},
year={2013},
organization={ACM}
}

@inproceeding{overlapcom,
title={Overlapping community detection at scale: a nonnegative matrix factorization approach},
author={Yang Jaewon and Leskovec, Jure},
booktitle={Proceedings of the sixth ACM international conference on Web search and data mining},
pages={587--596},
year={2013},
organization={ACM}
}

@inproceedings{temporalsum,
title={Temporal summaries of new topics},
author={Allan, James and Gupta, Rahul and Khandelwal, Vikas},
booktitle={Proceedings of the 24th annual international ACM SIGIR conference on Research and development in information retrieval},
pages={10--18},
year={2001},
organization={ACM}
}

@book{lsihb,
  title={Handbook of latent semantic analysis},
  author={Landauer, Thomas K and McNamara, Danielle S and Dennis, Simon and Kintsch, Walter},
  year={2013},
  publisher={Psychology Press}
}

@article{word2vec,
  title={Distributed representations of sentences and documents},
  author={Le, Quoc V and Mikolov, Tomas},
  journal={arXiv preprint arXiv:1405.4053},
  year={2014}
}